<?xml version="1.0" encoding="UTF-8"?>
<!--示例 XML 文件由 XMLSpy v2006 U 创建 (http://www.altova.com)-->
<Document xmlns="urn:iso:std:iso:20022:tech:xsd:pain.001.001.03" xmlns:xsi="http://www.w3.org/2001/XMLSchema-instance">
	<CstmrCdtTrfInitn>
		<GrpHdr>
			<MsgId>2010101000001270</MsgId>
			<CreDtTm>2010-10-10T09:30:30</CreDtTm>
			<NbOfTxs>1</NbOfTxs>
			<CtrlSum>20000.00</CtrlSum>
			<InitgPty>
				<Nm>907100011301</Nm>
			</InitgPty>
			<FwdgAgt>
				<FinInstnId>
					<ClrSysMmbId>
						<MmbId>103100000018</MmbId>
					</ClrSysMmbId>
				</FinInstnId>
			</FwdgAgt>
		</GrpHdr>
		<PmtInf>
			<PmtInfId>2010101000032001</PmtInfId>
			<PmtMtd>TRF</PmtMtd>
			<PmtTpInf>
				<LclInstrm>
					<Prtry>M221</Prtry>
				</LclInstrm>
			</PmtTpInf>
			<ReqdExctnDt>2010-10-10</ReqdExctnDt>
			<Dbtr>
				<Nm>李</Nm>
			</Dbtr>
			<DbtrAcct>
				<Id>
					<Othr>
						<Id>2310230111201111210123100010231</Id>
						<Issr>103100000018</Issr>
					</Othr>
				</Id>
			</DbtrAcct>
			<DbtrAgt>
				<FinInstnId>
					<ClrSysMmbId>
						<MmbId>103100000018</MmbId>
					</ClrSysMmbId>
				</FinInstnId>
				<BrnchId>
					<Id>308581000106</Id>
				</BrnchId>
			</DbtrAgt>			
			<CdtTrfTxInf>
				<PmtId>
					<EndToEndId>11231231232130123122</EndToEndId>
				</PmtId>
				<PmtTpInf>
					<LclInstrm>
						<Prtry>E101</Prtry>
					</LclInstrm>
					<CtgyPurp>
						<Prtry>00100</Prtry>
					</CtgyPurp>
				</PmtTpInf>
				<Amt>
					<InstdAmt Ccy="CNY">20000.00</InstdAmt>
				</Amt>
				<CdtrAgt>
					<FinInstnId>
						<ClrSysMmbId>
							<MmbId>308581000106</MmbId>
						</ClrSysMmbId>
					</FinInstnId>
					<BrnchId>
						<Id>308581000106</Id>
					</BrnchId>
				</CdtrAgt>
				<Cdtr>
					<Nm>黄</Nm>
				</Cdtr>
				<CdtrAcct>
					<Id>
						<Othr>
							<Id>2310230111201111210123100010444</Id>
							<Issr>308581000106</Issr>
					</Othr>
					</Id>
				</CdtrAcct>
				<RmtInf>
					<Ustrd>/H01/测试测试测试测试</Ustrd>
					<Ustrd>/E40/DBT2100000101001100110</Ustrd>
					<Ustrd>/K33/4381</Ustrd>
				</RmtInf>
			</CdtTrfTxInf>
		</PmtInf>
		<PmtInf>
			<PmtInfId>2010101000032001</PmtInfId>
			<PmtMtd>TRF</PmtMtd>
			<PmtTpInf>
				<LclInstrm>
					<Prtry>M221</Prtry>
				</LclInstrm>
			</PmtTpInf>
			<ReqdExctnDt>2010-10-10</ReqdExctnDt>
			<Dbtr>
				<Nm>孙</Nm>
			</Dbtr>
			<DbtrAcct>
				<Id>
					<Othr>
						<Id>2310230111201111210123100010231</Id>
						<Issr>103100000018</Issr>
					</Othr>
				</Id>
			</DbtrAcct>
			<DbtrAgt>
				<FinInstnId>
					<ClrSysMmbId>
						<MmbId>103100000018</MmbId>
					</ClrSysMmbId>
				</FinInstnId>
				<BrnchId>
					<Id>308581000106</Id>
				</BrnchId>
			</DbtrAgt>			
			<CdtTrfTxInf>
				<PmtId>
					<EndToEndId>11231231232130123122</EndToEndId>
				</PmtId>
				<PmtTpInf>
					<LclInstrm>
						<Prtry>E101</Prtry>
					</LclInstrm>
					<CtgyPurp>
						<Prtry>00100</Prtry>
					</CtgyPurp>
				</PmtTpInf>
				<Amt>
					<InstdAmt Ccy="CNY">60000.00</InstdAmt>
				</Amt>
				<CdtrAgt>
					<FinInstnId>
						<ClrSysMmbId>
							<MmbId>308581000106</MmbId>
						</ClrSysMmbId>
					</FinInstnId>
					<BrnchId>
						<Id>308581000106</Id>
					</BrnchId>
				</CdtrAgt>
				<Cdtr>
					<Nm>孙</Nm>
				</Cdtr>
				<CdtrAcct>
					<Id>
						<Othr>
							<Id>2310230111201111210123100010444</Id>
							<Issr>308581000106</Issr>
					</Othr>
					</Id>
				</CdtrAcct>
				<RmtInf>
					<Ustrd>/H01/测试测试测试aa</Ustrd>
					<Ustrd>/E40/DBT2100000101001100110</Ustrd>
					<Ustrd>/K33/4381</Ustrd>
				</RmtInf>
			</CdtTrfTxInf>
		</PmtInf>
	</CstmrCdtTrfInitn>
</Document>
