<?xml version="1.0" encoding="UTF-8"?>
<!--示例 XML 文件由 XMLSpy v2006 U 创建 (http://www.altova.com)-->
<Document xmlns="urn:iso:std:iso:20022:tech:xsd:pacs.008.001.02" xmlns:xsi="http://www.w3.org/2001/XMLSchema-instance">
	<FIToFICstmrCdtTrf>
		<GrpHdr>
			<MsgId>2010101000001262</MsgId>
			<CreDtTm>2010-10-10T09:30:30</CreDtTm>
			<NbOfTxs>1</NbOfTxs>
			<CtrlSum>2000.00</CtrlSum>
			<SttlmInf>
				<SttlmMtd>CLRG</SttlmMtd>
			</SttlmInf>
		</GrpHdr>
		<CdtTrfTxInf>
			<PmtId>
				<EndToEndId>201010100001001</EndToEndId>
				<TxId>2010101000070001</TxId>
			</PmtId>
			<PmtTpInf>
				<CtgyPurp>
					<Prtry>C101</Prtry>
				</CtgyPurp>
			</PmtTpInf>
			<IntrBkSttlmAmt Ccy="CNY">2000.00</IntrBkSttlmAmt>
			<IntrBkSttlmDt>2010-10-10</IntrBkSttlmDt>
			<ChrgBr>DEBT</ChrgBr>
			<Dbtr>
				<Nm>林</Nm>
				<PstlAdr>
					<AdrLine>地址地址地址</AdrLine>	
				</PstlAdr>
			</Dbtr>
			<DbtrAcct>
				<Id>
					<Othr>
						<Id>2310230111201111210123100010231</Id>
						<Issr>308581000106</Issr>
					</Othr>
				</Id>
			</DbtrAcct>
			<DbtrAgt>
				<FinInstnId>
					<ClrSysMmbId>
						<MmbId>308581000106</MmbId>
					</ClrSysMmbId>
				</FinInstnId>
				<BrnchId>
					<Id>308581000106</Id>
				</BrnchId>
			</DbtrAgt>
			<CdtrAgt>
				<FinInstnId>
					<ClrSysMmbId>
						<MmbId>104100004370</MmbId>
					</ClrSysMmbId>
				</FinInstnId>
				<BrnchId>
					<Id>104100004370</Id>
				</BrnchId>
			</CdtrAgt>
			<Cdtr>
				<Nm>肖</Nm>
				<PstlAdr>
					<AdrLine>地址地址地址</AdrLine>	
				</PstlAdr>
			</Cdtr>
			<CdtrAcct>
				<Id>
					<Othr>
						<Id>2310230111201111210123100010001</Id>
						<Issr>104100004370</Issr>
					</Othr>
				</Id>
			</CdtrAcct>
			<Purp>
				<Prtry>00100</Prtry>
			</Purp>
			<RmtInf>
				<Ustrd>/H01/测试测试测试测试测试</Ustrd>
				<Ustrd>/HA1/备注测试测试测试册测试</Ustrd>
				<Ustrd>/F18/DB00</Ustrd>
				<Ustrd>/FA8/DB00</Ustrd>
			</RmtInf>
		</CdtTrfTxInf>
	</FIToFICstmrCdtTrf>
</Document>
