<?xml version="1.0" encoding="UTF-8"?>
<!--示例 XML 文件由 XMLSpy v2006 U 创建 (http://www.altova.com)-->
<Document xmlns="urn:iso:std:iso:20022:tech:xsd:pacs.003.001.02" xmlns:xsi="http://www.w3.org/2001/XMLSchema-instance" >
	<FIToFICstmrDrctDbt>
		<GrpHdr>
			<MsgId>2010101000001268</MsgId>
			<CreDtTm>2010-10-10T09:30:30</CreDtTm>
			<NbOfTxs>1</NbOfTxs>
			<CtrlSum>999.00</CtrlSum>
			<SttlmInf>
				<SttlmMtd>CLRG</SttlmMtd>
			</SttlmInf>
			<PmtTpInf>
				<LclInstrm>
					<Prtry>D100</Prtry>
				</LclInstrm>
				<CtgyPurp>
					<Prtry>2</Prtry>
				</CtgyPurp>
			</PmtTpInf>
		</GrpHdr>
		<DrctDbtTxInf>
			<PmtId>
				<EndToEndId>2010101000001001</EndToEndId>
				<TxId>2010101066001001</TxId>
				<ClrSysRef>10221210000011001001</ClrSysRef>
			</PmtId>
			<IntrBkSttlmAmt Ccy="CNY">999.00</IntrBkSttlmAmt>
			<ChrgBr>CRED</ChrgBr>
			<Cdtr>
				<Nm>吕</Nm>
				<PstlAdr>
					<AdrLine>地址地址地址</AdrLine>	
				</PstlAdr>
			</Cdtr>
			<CdtrAcct>
				<Id>
					<Othr>
						<Id>3432423423435454353423423423323</Id>
						<Issr>308581000106</Issr>
					</Othr>
				</Id>
			</CdtrAcct>
			<CdtrAgt>
				<FinInstnId>
					<ClrSysMmbId>
						<MmbId>308581000106</MmbId>
					</ClrSysMmbId>
				</FinInstnId>
				<BrnchId>
					<Id>308581000106</Id>
				</BrnchId>
			</CdtrAgt>
			<Dbtr>
				<Nm>郑</Nm>
				<PstlAdr>
					<AdrLine>地址地址地址</AdrLine>	
				</PstlAdr>
			</Dbtr>
			<DbtrAcct>
				<Id>
					<Othr>
						<Id>3432423423435454353423423423323</Id>
						<Issr>104100004370</Issr>
					</Othr>
				</Id>
			</DbtrAcct>
			<DbtrAgt>
				<FinInstnId>
					<ClrSysMmbId>
						<MmbId>104100004370</MmbId>
					</ClrSysMmbId>
				</FinInstnId>
				<BrnchId>
					<Id>104100004370</Id>
				</BrnchId>
			</DbtrAgt>
			<Purp>
				<Prtry>09001</Prtry>
			</Purp>
			<RmtInf>
				<Ustrd>/H01/测试测试测试测试测试</Ustrd>
				<Ustrd>/HA1/测试测试测试测试测试</Ustrd>
				<Ustrd>/E47/QP000101110222223131</Ustrd>
			</RmtInf>
		</DrctDbtTxInf>
	</FIToFICstmrDrctDbt>
</Document>
