<?xml version="1.0" encoding="UTF-8"?>
<!--Sample XML file generated by XMLSpy v2009 sp1 (http://www.altova.com)-->
<Document xsi:schemaLocation="urn:iso:std:iso:20022:tech:xsd:camt.053.001.02 camt.053.001.02.xsd" xmlns="urn:iso:std:iso:20022:tech:xsd:camt.053.001.02" xmlns:xsi="http://www.w3.org/2001/XMLSchema-instance">
	<BkToCstmrStmt>
		<GrpHdr>
			<MsgId>2010090912345678</MsgId>
			<CreDtTm>2001-12-17T09:30:47</CreDtTm>
			<MsgRcpt>
				<Id>
					<OrgId>
						<Othr>
							<Id>103100000018</Id>
						</Othr>
					</OrgId>
				</Id>
			</MsgRcpt>
		</GrpHdr>
		<Stmt>
			<Id>0</Id>
			<CreDtTm>2001-12-17T09:30:47</CreDtTm>
			<Acct>
				<Id>
					<Othr>
						<Id>103100000018</Id>
					</Othr>
				</Id>
			</Acct>
			<Bal>
				<Tp>
					<CdOrPrtry>
						<Prtry>0</Prtry>
					</CdOrPrtry>
				</Tp>
				<Amt Ccy="CNY">0.00</Amt>
				<CdtDbtInd>DBIT</CdtDbtInd>
				<Dt>
					<Dt>2010-01-01</Dt>
				</Dt>
			</Bal>
			<TxsSummry>
				<TtlNtries>
					<NbOfNtries>1</NbOfNtries>
					<TtlNetNtryAmt>100.00</TtlNetNtryAmt>
				</TtlNtries>
			</TxsSummry>
			<Ntry>
				<Amt Ccy="CNY">100.00</Amt>
				<CdtDbtInd>DBIT</CdtDbtInd>
				<Sts>BOOK</Sts>
				<BkTxCd>
				</BkTxCd>
				<Intrst>
					<Amt Ccy="CNY">1.00</Amt>
					<CdtDbtInd>DBIT</CdtDbtInd>
					<Rate>
						<Tp>
							<Pctg>1.0</Pctg>
						</Tp>
					</Rate>
					<FrToDt>
						<FrDtTm>2010-09-09T09:30:47</FrDtTm>
						<ToDtTm>2010-09-09T09:30:47</ToDtTm>
					</FrToDt>
					<Rsn>a</Rsn>
				</Intrst>
			</Ntry>
		</Stmt>
	</BkToCstmrStmt>
</Document>
