<?xml version="1.0" encoding="UTF-8"?>
<!--示例 XML 文件由 XMLSpy v2006 U 创建 (http://www.altova.com)-->
<Document xmlns="urn:iso:std:iso:20022:tech:xsd:pacs.008.001.02" xmlns:xsi="http://www.w3.org/2001/XMLSchema-instance" xsi:schemaLocation="urn:iso:std:iso:20022:tech:xsd:pacs.008.001.02
C:\工作\二代支付系统相关\02_XML格式报文schema\pacs.008.001.02.xsd">
	<FIToFICstmrCdtTrf>
		<GrpHdr>
			<MsgId>2010101000001264</MsgId>
			<CreDtTm>2010-10-10T09:30:30</CreDtTm>
			<NbOfTxs>1</NbOfTxs>
			<CtrlSum>2000.00</CtrlSum>
			<SttlmInf>
				<SttlmMtd>CLRG</SttlmMtd>
				<ClrSys>
					<Prtry>2</Prtry>
				</ClrSys>
			</SttlmInf>
		</GrpHdr>
		<CdtTrfTxInf>
			<PmtId>
				<EndToEndId>201010100001002</EndToEndId>
				<TxId>2010101030070001</TxId>
			</PmtId>
			<PmtTpInf>
				<CtgyPurp>
					<Prtry>A308</Prtry>
				</CtgyPurp>
			</PmtTpInf>
			<IntrBkSttlmAmt Ccy="CNY">2000.00</IntrBkSttlmAmt>
			<IntrBkSttlmDt>2010-10-10</IntrBkSttlmDt>
			<ChrgBr>DEBT</ChrgBr>
			<Dbtr>
				<Nm>林</Nm>
			</Dbtr>
			<DbtrAcct>
				<Id>
					<Othr>
						<Id>2310230111201111210123100010231</Id>
						<Issr>308581000106</Issr>
					</Othr>
				</Id>
			</DbtrAcct>
			<DbtrAgt>
				<FinInstnId>
					<ClrSysMmbId>
						<MmbId>308581000106</MmbId>
					</ClrSysMmbId>
				</FinInstnId>
				<BrnchId>
					<Id>308581000106</Id>
				</BrnchId>
			</DbtrAgt>
			<CdtrAgt>
				<FinInstnId>
					<ClrSysMmbId>
						<MmbId>104100004370</MmbId>
					</ClrSysMmbId>
				</FinInstnId>
				<BrnchId>
					<Id>104100004370</Id>
				</BrnchId>
			</CdtrAgt>
			<Cdtr>
				<Nm>肖</Nm>
			</Cdtr>
			<CdtrAcct>
				<Id>
					<Othr>
						<Id>2310230111201111210123100010001</Id>
						<Issr>104100004370</Issr>
					</Othr>
				</Id>
			</CdtrAcct>
			<RmtInf>
				<Ustrd>/H01/测试测试测试测试测试</Ustrd>
				<Ustrd>/HA1/备注测试测试测试册测试</Ustrd>
				<Ustrd>/C14/2010-09-09</Ustrd>
				<Ustrd>/EA2/12345678</Ustrd>
				<Ustrd>/E45/123456789012</Ustrd>
				<Ustrd>/F60/PR02</Ustrd>
			</RmtInf>
		</CdtTrfTxInf>
		<CdtTrfTxInf>
			<PmtId>
				<EndToEndId>201010100001003</EndToEndId>
				<TxId>2010101030070002</TxId>
			</PmtId>
			<PmtTpInf>
				<CtgyPurp>
					<Prtry>A308</Prtry>
				</CtgyPurp>
			</PmtTpInf>
			<IntrBkSttlmAmt Ccy="CNY">2000.00</IntrBkSttlmAmt>
			<IntrBkSttlmDt>2010-10-10</IntrBkSttlmDt>
			<ChrgBr>DEBT</ChrgBr>
			<Dbtr>
				<Nm>林</Nm>
			</Dbtr>
			<DbtrAcct>
				<Id>
					<Othr>
						<Id>2310230111201111210123100010231</Id>
						<Issr>308581000106</Issr>
					</Othr>
				</Id>
			</DbtrAcct>
			<DbtrAgt>
				<FinInstnId>
					<ClrSysMmbId>
						<MmbId>308581000106</MmbId>
					</ClrSysMmbId>
				</FinInstnId>
				<BrnchId>
					<Id>308581000106</Id>
				</BrnchId>
			</DbtrAgt>
			<CdtrAgt>
				<FinInstnId>
					<ClrSysMmbId>
						<MmbId>104100004370</MmbId>
					</ClrSysMmbId>
				</FinInstnId>
				<BrnchId>
					<Id>104100004370</Id>
				</BrnchId>
			</CdtrAgt>
			<Cdtr>
				<Nm>肖</Nm>
			</Cdtr>
			<CdtrAcct>
				<Id>
					<Othr>
						<Id>2310230111201111210123100010001</Id>
						<Issr>104100004370</Issr>
					</Othr>
				</Id>
			</CdtrAcct>
			<Purp>
				<Prtry>10020</Prtry>
			</Purp>
			<RmtInf>
				<Ustrd>/H01/测试测试测试测试测试</Ustrd>
				<Ustrd>/HA1/备注测试测试测试册测试</Ustrd>
				<Ustrd>/C14/2010-09-09</Ustrd>
				<Ustrd>/EA2/12300011</Ustrd>
				<Ustrd>/E45/77762761273</Ustrd>
				<Ustrd>/F60/PR09</Ustrd>
				<Ustrd>/G00/RJ02</Ustrd>
				<Ustrd>/H06/账号、户名不符</Ustrd>
			</RmtInf>
		</CdtTrfTxInf>
	</FIToFICstmrCdtTrf>
</Document>
