<?xml version="1.0" encoding="UTF-8"?>
<!--Sample XML file generated by XMLSpy v2009 sp1 (http://www.altova.com)-->
<Document xsi:schemaLocation="urn:iso:std:iso:20022:tech:xsd:camt.053.001.02 camt.053.001.02.xsd" xmlns="urn:iso:std:iso:20022:tech:xsd:camt.053.001.02" xmlns:xsi="http://www.w3.org/2001/XMLSchema-instance">
	<BkToCstmrStmt>
		<GrpHdr>
			<MsgId>2010090912345670</MsgId>
			<CreDtTm>2010-09-09T09:30:47</CreDtTm>
		</GrpHdr>
		<Stmt>
			<Id>0</Id>
			<ElctrncSeqNb>02</ElctrncSeqNb>
			<CreDtTm>2010-09-09T09:30:47</CreDtTm>
			<RptgSrc>
				<Prtry>BEPS</Prtry>
			</RptgSrc>
			<Acct>
				<Id>
					<Othr>
					<Id>103100000018</Id>
				    </Othr>
				</Id>
			</Acct>
			<Bal>
				<Tp>
					<CdOrPrtry>
						<Prtry>INFO</Prtry>
					</CdOrPrtry>
				</Tp>
				<Amt Ccy="CNY">100.00</Amt>
				<CdtDbtInd>CRDT</CdtDbtInd>
				<Dt>
					<Dt>2010-09-09</Dt>
				</Dt>
			</Bal>
			<TxsSummry>
				<TtlCdtNtries>
					<Sum>100.00</Sum>
				</TtlCdtNtries>
				<TtlDbtNtries>
					<Sum>1000.00</Sum>
				</TtlDbtNtries>
			</TxsSummry>
			<Ntry>
				<Amt Ccy="CNY">900.00</Amt>
				<CdtDbtInd>DBIT</CdtDbtInd>
				<Sts>BOOK</Sts>
				<BookgDt>
					<Dt>2010-09-09</Dt>
				</BookgDt>
				<ValDt>
					<Dt>2010-09-09</Dt>
				</ValDt>
				<BkTxCd>
					<Domn>
						<Cd>PMNT</Cd>
						<Fmly>
							<Cd>OTHR</Cd>
							<SubFmlyCd>OTHR</SubFmlyCd>
						</Fmly>
					</Domn>
					<Prtry>
						<Cd>a</Cd>
						<Issr>a</Issr>
					</Prtry>
				</BkTxCd>
				<NtryDtls>
					<Btch>
						<MsgId>a</MsgId>
						<PmtInfId>a</PmtInfId>
						<NbOfTxs>0</NbOfTxs>
						<TtlAmt Ccy="AAA">0</TtlAmt>
						<CdtDbtInd>CRDT</CdtDbtInd>
					</Btch>
					<TxDtls>
						<Refs>
							<ClrSysRef>BEPS</ClrSysRef>
						</Refs>
					</TxDtls>
				</NtryDtls>
			</Ntry>
		</Stmt>
	</BkToCstmrStmt>
</Document>
